@misc{wikiOpticalFlow,
  author = {},
  title = {{Оптический поток. Свободная энциклопедия Википедия}},
  howpublished = {Режим доступа: \url{http://en.wikipedia.org/wiki/Optical_flow}},
  year = {}, 
  note = "[Дата обращения 10.03.2014]"
}


@misc{habrOpticalFlowTheory,
  author = {},
  title = {{Вычисление оптического потока методом Лукаса-Канаде. Теория. Коллективнй блог Habrahabr}},
  howpublished = {Режим доступа: \url{http://habrahabr.ru/post/169055/}},
  year = {}, 
  note = "[Дата обращения 14.03.2014]"
}

@misc{habrOpticalFlowAbout,
  author = {},
  title = {{То, что вы хотели знать про оптический поток, но стеснялись спросить. Коллективнй блог Habrahabr}},
  howpublished = {Режим доступа: \url{http://habrahabr.ru/post/201406/}},
  year = {}, 
  note = "[Дата обращения 14.03.2014]"
}


@Article{odometryMethods,
author = {Жуков Р.В.},
  journal = {Наука и образование: научное издание МГТУ им. Н.Э. Баумана Электрон. журн. 2012. № 10},
  title = {{Методы оценки положения объекта в пространстве}},
year = {2012},
howpublished = {Режим доступа: \url{http://sntbul.bmstu.ru/doc/636938.html}}, 
  note = "Режим доступа: \url{http://sntbul.bmstu.ru/doc/636938.html}   [Дата обращения 05.11.2013]"
}

@misc{laserLocation,
  author = {Медведев Е.М., Данилин И.М., Мельников С.Р. },
  title = {{ЛАЗЕРНАЯ ЛОКАЦИЯ ЗЕМЛИ И ЛЕСА [Электронный ресурс] // электронная версия книги}},
  howpublished = {Режим доступа: \url{http://www.laserlocation.ru/chapter4.4.htm}},
  year = {}, 
  note = "[Дата обращения 21.10.2013]"
}

@misc{wikiKren,
  author = {},
  title = {{Крен. Свободная энциклопедия Википедия}},
  howpublished = {Режим доступа: \url{http://en.wikipedia.org/wiki/Angle_of_list}},
  year = {}, 
  note = "[Дата обращения 10.05.2014]"
}

@misc{wikiRiskanie,
  author = {},
  title = {{Рыскание. Свободная энциклопедия Википедия}},
  howpublished = {Режим доступа: \url{http://ru.wikipedia.org/wiki/%D0%A0%D1%8B%D1%81%D0%BA%D0%B0%D0%BD%D0%B8%D0%B5}},
  year = {}, 
  note = "[Дата обращения 10.05.2014]"
}

@misc{wikiTangazh,
  author = {},
  title = {{Тангаж. Свободная энциклопедия Википедия}},
  howpublished = {Режим доступа: \url{http://en.wikipedia.org/wiki/Pitch_(aviation)}},
  year = {}, 
  note = "[Дата обращения 11.05.2014]"
}



